@unpublished{Buterin2014,
author = {Buterin, Vitalik},
number = {January},
pages = {1--36},
title = {{A next-generation smart contract and decentralized application platform}},
url = {http://buyxpr.com/build/pdfs/EthereumWhitePaper.pdf},
year = {2014}
}
